% ------------------------------------------------------------------------
% BIBLIOGRAPHY FILE
% ------------------------------------------------------------------------

@BOOK{FundGeInv,
   author = "Zapata Cortes, Julián Andrés",
   title= "Fundamentos de la gestión de inventarios",
   publisher = "Biblioteca Esumer",
   note = "Accedido en www.esumer.edu.co/images/centroeditorial/Libros/fei/libros/\\Fundamentosdelagestiondeinventarios.pdf",
   year = 2014 }

@misc{UDL:2019:Online,
  author = "Catarina UDLAP",
  title = "INVENTARIOS",
  howpublished = {url \\{catarina.udlap.mx/u\_dl\_a/tales/documentos/lmnf/castillo\_g\_ka/capitulo1.pdf}},
  note = "Accedido 16-10-2016"
}

@BOOK{LengModelUML,
   author = "Randall Agenor Herrera Briones
    Roderick Javier Caldera Obregón
    Manuel de Jesús Martínez Dávila",
   title= "Proyecto Monográfico Análisis y Diseño de Sistemas con el Lenguaje de Modelaje Unificado (UML)",
   publisher = "Biblioteca Esumer",
   year = 1999 }

@misc{GDS:1999:Online,
  author = "GuiaWeb",
  title = "Guía para Desarrollo de Sitios Web",
  year = {1999},
  howpublished = {url {www.guiaweb.gob.cl}},
  note = "Accedido 16-10-2016, Impreso en Santiago de Chile por ANDROS Impresores"
}

@misc{PMA:2019:Online,
  author = "AgilManifiesto",
  title = "Principios del Manifiesto Ágil",
  howpublished = {url{https://agilemanifesto.org/iso/es/manifesto.html}},
  note = "Accedido 21-03-2019"
}

% ------------------------------------------------------------------------
